%YAML 1.1
%TAG !u! tag:unity3d.com,2011:
--- !u!29 &1
OcclusionCullingSettings:
  m_ObjectHideFlags: 0
  serializedVersion: 2
  m_OcclusionBakeSettings:
    smallestOccluder: 5
    smallestHole: 0.25
    backfaceThreshold: 100
  m_SceneGUID: 00000000000000000000000000000000
  m_OcclusionCullingData: {fileID: 0}
--- !u!104 &2
RenderSettings:
  m_ObjectHideFlags: 0
  serializedVersion: 9
  m_Fog: 0
  m_FogColor: {r: 0.5, g: 0.5, b: 0.5, a: 1}
  m_FogMode: 3
  m_FogDensity: 0.01
  m_LinearFogStart: 0
  m_LinearFogEnd: 300
  m_AmbientSkyColor: {r: 0.212, g: 0.227, b: 0.259, a: 1}
  m_AmbientEquatorColor: {r: 0.114, g: 0.125, b: 0.133, a: 1}
  m_AmbientGroundColor: {r: 0.047, g: 0.043, b: 0.035, a: 1}
  m_AmbientIntensity: 1
  m_AmbientMode: 0
  m_SubtractiveShadowColor: {r: 0.42, g: 0.478, b: 0.627, a: 1}
  m_SkyboxMaterial: {fileID: 10304, guid: 0000000000000000f000000000000000, type: 0}
  m_HaloStrength: 0.5
  m_FlareStrength: 1
  m_FlareFadeSpeed: 3
  m_HaloTexture: {fileID: 0}
  m_SpotCookie: {fileID: 10001, guid: 0000000000000000e000000000000000, type: 0}
  m_DefaultReflectionMode: 0
  m_DefaultReflectionResolution: 128
  m_ReflectionBounces: 1
  m_ReflectionIntensity: 1
  m_CustomReflection: {fileID: 0}
  m_Sun: {fileID: 0}
  m_IndirectSpecularColor: {r: 0.18028378, g: 0.22571412, b: 0.30692285, a: 1}
  m_UseRadianceAmbientProbe: 0
--- !u!157 &3
LightmapSettings:
  m_ObjectHideFlags: 0
  serializedVersion: 12
  m_GIWorkflowMode: 1
  m_GISettings:
    serializedVersion: 2
    m_BounceScale: 1
    m_IndirectOutputScale: 1
    m_AlbedoBoost: 1
    m_EnvironmentLightingMode: 0
    m_EnableBakedLightmaps: 1
    m_EnableRealtimeLightmaps: 0
  m_LightmapEditorSettings:
    serializedVersion: 12
    m_Resolution: 2
    m_BakeResolution: 40
    m_AtlasSize: 1024
    m_AO: 0
    m_AOMaxDistance: 1
    m_CompAOExponent: 1
    m_CompAOExponentDirect: 0
    m_ExtractAmbientOcclusion: 0
    m_Padding: 2
    m_LightmapParameters: {fileID: 0}
    m_LightmapsBakeMode: 1
    m_TextureCompression: 1
    m_FinalGather: 0
    m_FinalGatherFiltering: 1
    m_FinalGatherRayCount: 256
    m_ReflectionCompression: 2
    m_MixedBakeMode: 2
    m_BakeBackend: 1
    m_PVRSampling: 1
    m_PVRDirectSampleCount: 32
    m_PVRSampleCount: 512
    m_PVRBounces: 2
    m_PVREnvironmentSampleCount: 256
    m_PVREnvironmentReferencePointCount: 2048
    m_PVRFilteringMode: 1
    m_PVRDenoiserTypeDirect: 1
    m_PVRDenoiserTypeIndirect: 1
    m_PVRDenoiserTypeAO: 1
    m_PVRFilterTypeDirect: 0
    m_PVRFilterTypeIndirect: 0
    m_PVRFilterTypeAO: 0
    m_PVREnvironmentMIS: 1
    m_PVRCulling: 1
    m_PVRFilteringGaussRadiusDirect: 1
    m_PVRFilteringGaussRadiusIndirect: 5
    m_PVRFilteringGaussRadiusAO: 2
    m_PVRFilteringAtrousPositionSigmaDirect: 0.5
    m_PVRFilteringAtrousPositionSigmaIndirect: 2
    m_PVRFilteringAtrousPositionSigmaAO: 1
    m_ExportTrainingData: 0
    m_TrainingDataDestination: TrainingData
    m_LightProbeSampleCountMultiplier: 4
  m_LightingDataAsset: {fileID: 0}
  m_LightingSettings: {fileID: 0}
--- !u!196 &4
NavMeshSettings:
  serializedVersion: 2
  m_ObjectHideFlags: 0
  m_BuildSettings:
    serializedVersion: 2
    agentTypeID: 0
    agentRadius: 0.5
    agentHeight: 2
    agentSlope: 45
    agentClimb: 0.4
    ledgeDropHeight: 0
    maxJumpAcrossDistance: 0
    minRegionArea: 2
    manualCellSize: 0
    cellSize: 0.16666667
    manualTileSize: 0
    tileSize: 256
    accuratePlacement: 0
    maxJobWorkers: 0
    preserveTilesOutsideBounds: 0
    debug:
      m_Flags: 0
  m_NavMeshData: {fileID: 0}
--- !u!1 &212846988
GameObject:
  m_ObjectHideFlags: 0
  m_CorrespondingSourceObject: {fileID: 0}
  m_PrefabInstance: {fileID: 0}
  m_PrefabAsset: {fileID: 0}
  serializedVersion: 6
  m_Component:
  - component: {fileID: 212846991}
  - component: {fileID: 212846990}
  - component: {fileID: 212846989}
  - component: {fileID: 212846992}
  m_Layer: 0
  m_Name: Main Camera
  m_TagString: MainCamera
  m_Icon: {fileID: 0}
  m_NavMeshLayer: 0
  m_StaticEditorFlags: 0
  m_IsActive: 1
--- !u!81 &212846989
AudioListener:
  m_ObjectHideFlags: 0
  m_CorrespondingSourceObject: {fileID: 0}
  m_PrefabInstance: {fileID: 0}
  m_PrefabAsset: {fileID: 0}
  m_GameObject: {fileID: 212846988}
  m_Enabled: 1
--- !u!20 &212846990
Camera:
  m_ObjectHideFlags: 0
  m_CorrespondingSourceObject: {fileID: 0}
  m_PrefabInstance: {fileID: 0}
  m_PrefabAsset: {fileID: 0}
  m_GameObject: {fileID: 212846988}
  m_Enabled: 1
  serializedVersion: 2
  m_ClearFlags: 1
  m_BackGroundColor: {r: 0.19215687, g: 0.3019608, b: 0.4745098, a: 0}
  m_projectionMatrixMode: 1
  m_GateFitMode: 2
  m_FOVAxisMode: 0
  m_SensorSize: {x: 36, y: 24}
  m_LensShift: {x: 0, y: 0}
  m_FocalLength: 50
  m_NormalizedViewPortRect:
    serializedVersion: 2
    x: 0
    y: 0
    width: 1
    height: 1
  near clip plane: 0.3
  far clip plane: 1000
  field of view: 60
  orthographic: 0
  orthographic size: 5
  m_Depth: -1
  m_CullingMask:
    serializedVersion: 2
    m_Bits: 4294967295
  m_RenderingPath: -1
  m_TargetTexture: {fileID: 0}
  m_TargetDisplay: 0
  m_TargetEye: 3
  m_HDR: 1
  m_AllowMSAA: 1
  m_AllowDynamicResolution: 0
  m_ForceIntoRT: 0
  m_OcclusionCulling: 1
  m_StereoConvergence: 10
  m_StereoSeparation: 0.022
--- !u!4 &212846991
Transform:
  m_ObjectHideFlags: 0
  m_CorrespondingSourceObject: {fileID: 0}
  m_PrefabInstance: {fileID: 0}
  m_PrefabAsset: {fileID: 0}
  m_GameObject: {fileID: 212846988}
  m_LocalRotation: {x: 0, y: 0, z: 0, w: 1}
  m_LocalPosition: {x: 0, y: 1, z: -10}
  m_LocalScale: {x: 1, y: 1, z: 1}
  m_ConstrainProportionsScale: 0
  m_Children: []
  m_Father: {fileID: 0}
  m_RootOrder: 0
  m_LocalEulerAnglesHint: {x: 0, y: 0, z: 0}
--- !u!114 &212846992
MonoBehaviour:
  m_ObjectHideFlags: 0
  m_CorrespondingSourceObject: {fileID: 0}
  m_PrefabInstance: {fileID: 0}
  m_PrefabAsset: {fileID: 0}
  m_GameObject: {fileID: 212846988}
  m_Enabled: 1
  m_EditorHideFlags: 0
  m_Script: {fileID: 11500000, guid: a79441f348de89743a2939f4d699eac1, type: 3}
  m_Name: 
  m_EditorClassIdentifier: 
  m_RenderShadows: 1
  m_RequiresDepthTextureOption: 2
  m_RequiresOpaqueTextureOption: 2
  m_CameraType: 0
  m_Cameras: []
  m_RendererIndex: -1
  m_VolumeLayerMask:
    serializedVersion: 2
    m_Bits: 1
  m_VolumeTrigger: {fileID: 0}
  m_VolumeFrameworkUpdateModeOption: 2
  m_RenderPostProcessing: 1
  m_Antialiasing: 0
  m_AntialiasingQuality: 2
  m_StopNaN: 0
  m_Dithering: 0
  m_ClearDepth: 1
  m_AllowXRRendering: 1
  m_RequiresDepthTexture: 0
  m_RequiresColorTexture: 0
  m_Version: 2
--- !u!1001 &712106237
PrefabInstance:
  m_ObjectHideFlags: 0
  serializedVersion: 2
  m_Modification:
    m_TransformParent: {fileID: 0}
    m_Modifications:
    - target: {fileID: 6176767263054464678, guid: 01e4cdde695e137489cbd39245225bb5, type: 3}
      propertyPath: m_text
      value: Arttu Halonen 2022
      objectReference: {fileID: 0}
    - target: {fileID: 6176767263054464678, guid: 01e4cdde695e137489cbd39245225bb5, type: 3}
      propertyPath: m_fontSize
      value: 44
      objectReference: {fileID: 0}
    - target: {fileID: 6176767263054464678, guid: 01e4cdde695e137489cbd39245225bb5, type: 3}
      propertyPath: m_fontAsset
      value: 
      objectReference: {fileID: 11400000, guid: 546b9635948e4d04381c2c69d37b02a8, type: 2}
    - target: {fileID: 6176767263054464678, guid: 01e4cdde695e137489cbd39245225bb5, type: 3}
      propertyPath: m_fontStyle
      value: 0
      objectReference: {fileID: 0}
    - target: {fileID: 6176767263054464678, guid: 01e4cdde695e137489cbd39245225bb5, type: 3}
      propertyPath: m_fontSizeBase
      value: 44
      objectReference: {fileID: 0}
    - target: {fileID: 6176767263054464678, guid: 01e4cdde695e137489cbd39245225bb5, type: 3}
      propertyPath: m_sharedMaterial
      value: 
      objectReference: {fileID: 2938833388578377399, guid: 546b9635948e4d04381c2c69d37b02a8, type: 2}
    - target: {fileID: 6176767263154999937, guid: 01e4cdde695e137489cbd39245225bb5, type: 3}
      propertyPath: m_fontSize
      value: 46
      objectReference: {fileID: 0}
    - target: {fileID: 6176767263154999937, guid: 01e4cdde695e137489cbd39245225bb5, type: 3}
      propertyPath: m_fontAsset
      value: 
      objectReference: {fileID: 11400000, guid: 00fc4898a5d94634d91114ab345beb55, type: 2}
    - target: {fileID: 6176767263154999937, guid: 01e4cdde695e137489cbd39245225bb5, type: 3}
      propertyPath: m_fontStyle
      value: 1
      objectReference: {fileID: 0}
    - target: {fileID: 6176767263154999937, guid: 01e4cdde695e137489cbd39245225bb5, type: 3}
      propertyPath: m_fontSizeBase
      value: 46
      objectReference: {fileID: 0}
    - target: {fileID: 6176767263154999937, guid: 01e4cdde695e137489cbd39245225bb5, type: 3}
      propertyPath: m_sharedMaterial
      value: 
      objectReference: {fileID: -3881213580738649034, guid: 00fc4898a5d94634d91114ab345beb55, type: 2}
    - target: {fileID: 6176767263189906948, guid: 01e4cdde695e137489cbd39245225bb5, type: 3}
      propertyPath: m_AnchorMax.x
      value: 0
      objectReference: {fileID: 0}
    - target: {fileID: 6176767263189906948, guid: 01e4cdde695e137489cbd39245225bb5, type: 3}
      propertyPath: m_AnchorMax.y
      value: 0
      objectReference: {fileID: 0}
    - target: {fileID: 6176767263189995992, guid: 01e4cdde695e137489cbd39245225bb5, type: 3}
      propertyPath: m_fontAsset
      value: 
      objectReference: {fileID: 11400000, guid: 8f586378b4e144a9851e7b34d9b748ee, type: 2}
    - target: {fileID: 6176767263189995992, guid: 01e4cdde695e137489cbd39245225bb5, type: 3}
      propertyPath: m_sharedMaterial
      value: 
      objectReference: {fileID: 2180264, guid: 8f586378b4e144a9851e7b34d9b748ee, type: 2}
    - target: {fileID: 6176767263189995994, guid: 01e4cdde695e137489cbd39245225bb5, type: 3}
      propertyPath: m_IsActive
      value: 0
      objectReference: {fileID: 0}
    - target: {fileID: 6176767263237181000, guid: 01e4cdde695e137489cbd39245225bb5, type: 3}
      propertyPath: m_fontSize
      value: 25.2
      objectReference: {fileID: 0}
    - target: {fileID: 6176767263237181000, guid: 01e4cdde695e137489cbd39245225bb5, type: 3}
      propertyPath: m_fontAsset
      value: 
      objectReference: {fileID: 11400000, guid: 00fc4898a5d94634d91114ab345beb55, type: 2}
    - target: {fileID: 6176767263237181000, guid: 01e4cdde695e137489cbd39245225bb5, type: 3}
      propertyPath: m_fontSizeBase
      value: 25.2
      objectReference: {fileID: 0}
    - target: {fileID: 6176767263237181000, guid: 01e4cdde695e137489cbd39245225bb5, type: 3}
      propertyPath: m_sharedMaterial
      value: 
      objectReference: {fileID: -3881213580738649034, guid: 00fc4898a5d94634d91114ab345beb55, type: 2}
    - target: {fileID: 6176767263636186597, guid: 01e4cdde695e137489cbd39245225bb5, type: 3}
      propertyPath: m_IsActive
      value: 1
      objectReference: {fileID: 0}
    - target: {fileID: 6176767263646207720, guid: 01e4cdde695e137489cbd39245225bb5, type: 3}
      propertyPath: m_fontAsset
      value: 
      objectReference: {fileID: 11400000, guid: 546b9635948e4d04381c2c69d37b02a8, type: 2}
    - target: {fileID: 6176767263646207720, guid: 01e4cdde695e137489cbd39245225bb5, type: 3}
      propertyPath: m_sharedMaterial
      value: 
      objectReference: {fileID: 2938833388578377399, guid: 546b9635948e4d04381c2c69d37b02a8, type: 2}
    - target: {fileID: 6176767263772979167, guid: 01e4cdde695e137489cbd39245225bb5, type: 3}
      propertyPath: m_IsActive
      value: 0
      objectReference: {fileID: 0}
    - target: {fileID: 6176767263826020514, guid: 01e4cdde695e137489cbd39245225bb5, type: 3}
      propertyPath: m_text
      value: 'March of the

        Mega-Machines'
      objectReference: {fileID: 0}
    - target: {fileID: 6176767263826020514, guid: 01e4cdde695e137489cbd39245225bb5, type: 3}
      propertyPath: m_fontSize
      value: 96
      objectReference: {fileID: 0}
    - target: {fileID: 6176767263826020514, guid: 01e4cdde695e137489cbd39245225bb5, type: 3}
      propertyPath: m_fontAsset
      value: 
      objectReference: {fileID: 11400000, guid: 546b9635948e4d04381c2c69d37b02a8, type: 2}
    - target: {fileID: 6176767263826020514, guid: 01e4cdde695e137489cbd39245225bb5, type: 3}
      propertyPath: m_fontSizeBase
      value: 96
      objectReference: {fileID: 0}
    - target: {fileID: 6176767263826020514, guid: 01e4cdde695e137489cbd39245225bb5, type: 3}
      propertyPath: m_sharedMaterial
      value: 
      objectReference: {fileID: 2938833388578377399, guid: 546b9635948e4d04381c2c69d37b02a8, type: 2}
    - target: {fileID: 6176767264008580310, guid: 01e4cdde695e137489cbd39245225bb5, type: 3}
      propertyPath: m_text
      value: 'Select:

        Deselect:

        Pause:'
      objectReference: {fileID: 0}
    - target: {fileID: 6176767264008580310, guid: 01e4cdde695e137489cbd39245225bb5, type: 3}
      propertyPath: m_fontSize
      value: 27.4
      objectReference: {fileID: 0}
    - target: {fileID: 6176767264008580310, guid: 01e4cdde695e137489cbd39245225bb5, type: 3}
      propertyPath: m_fontAsset
      value: 
      objectReference: {fileID: 11400000, guid: 00fc4898a5d94634d91114ab345beb55, type: 2}
    - target: {fileID: 6176767264008580310, guid: 01e4cdde695e137489cbd39245225bb5, type: 3}
      propertyPath: m_fontSizeBase
      value: 27.4
      objectReference: {fileID: 0}
    - target: {fileID: 6176767264008580310, guid: 01e4cdde695e137489cbd39245225bb5, type: 3}
      propertyPath: m_sharedMaterial
      value: 
      objectReference: {fileID: -3881213580738649034, guid: 00fc4898a5d94634d91114ab345beb55, type: 2}
    - target: {fileID: 6176767264008580311, guid: 01e4cdde695e137489cbd39245225bb5, type: 3}
      propertyPath: m_SizeDelta.x
      value: 186.19
      objectReference: {fileID: 0}
    - target: {fileID: 6176767264008580311, guid: 01e4cdde695e137489cbd39245225bb5, type: 3}
      propertyPath: m_AnchoredPosition.x
      value: 23.900024
      objectReference: {fileID: 0}
    - target: {fileID: 6176767264008580311, guid: 01e4cdde695e137489cbd39245225bb5, type: 3}
      propertyPath: m_AnchoredPosition.y
      value: -334.6
      objectReference: {fileID: 0}
    - target: {fileID: 6176767264010685241, guid: 01e4cdde695e137489cbd39245225bb5, type: 3}
      propertyPath: m_text
      value: Ludum Dare 50
      objectReference: {fileID: 0}
    - target: {fileID: 6176767264010685241, guid: 01e4cdde695e137489cbd39245225bb5, type: 3}
      propertyPath: m_fontAsset
      value: 
      objectReference: {fileID: 11400000, guid: 546b9635948e4d04381c2c69d37b02a8, type: 2}
    - target: {fileID: 6176767264010685241, guid: 01e4cdde695e137489cbd39245225bb5, type: 3}
      propertyPath: m_sharedMaterial
      value: 
      objectReference: {fileID: 2938833388578377399, guid: 546b9635948e4d04381c2c69d37b02a8, type: 2}
    - target: {fileID: 6176767264010685242, guid: 01e4cdde695e137489cbd39245225bb5, type: 3}
      propertyPath: m_SizeDelta.x
      value: 686.26
      objectReference: {fileID: 0}
    - target: {fileID: 6176767264030406010, guid: 01e4cdde695e137489cbd39245225bb5, type: 3}
      propertyPath: m_Pivot.x
      value: 0
      objectReference: {fileID: 0}
    - target: {fileID: 6176767264030406010, guid: 01e4cdde695e137489cbd39245225bb5, type: 3}
      propertyPath: m_Pivot.y
      value: 0
      objectReference: {fileID: 0}
    - target: {fileID: 6176767264030406010, guid: 01e4cdde695e137489cbd39245225bb5, type: 3}
      propertyPath: m_RootOrder
      value: 2
      objectReference: {fileID: 0}
    - target: {fileID: 6176767264030406010, guid: 01e4cdde695e137489cbd39245225bb5, type: 3}
      propertyPath: m_AnchorMax.x
      value: 0
      objectReference: {fileID: 0}
    - target: {fileID: 6176767264030406010, guid: 01e4cdde695e137489cbd39245225bb5, type: 3}
      propertyPath: m_AnchorMax.y
      value: 0
      objectReference: {fileID: 0}
    - target: {fileID: 6176767264030406010, guid: 01e4cdde695e137489cbd39245225bb5, type: 3}
      propertyPath: m_AnchorMin.x
      value: 0
      objectReference: {fileID: 0}
    - target: {fileID: 6176767264030406010, guid: 01e4cdde695e137489cbd39245225bb5, type: 3}
      propertyPath: m_AnchorMin.y
      value: 0
      objectReference: {fileID: 0}
    - target: {fileID: 6176767264030406010, guid: 01e4cdde695e137489cbd39245225bb5, type: 3}
      propertyPath: m_SizeDelta.x
      value: 0
      objectReference: {fileID: 0}
    - target: {fileID: 6176767264030406010, guid: 01e4cdde695e137489cbd39245225bb5, type: 3}
      propertyPath: m_SizeDelta.y
      value: 0
      objectReference: {fileID: 0}
    - target: {fileID: 6176767264030406010, guid: 01e4cdde695e137489cbd39245225bb5, type: 3}
      propertyPath: m_LocalPosition.x
      value: 0
      objectReference: {fileID: 0}
    - target: {fileID: 6176767264030406010, guid: 01e4cdde695e137489cbd39245225bb5, type: 3}
      propertyPath: m_LocalPosition.y
      value: 0
      objectReference: {fileID: 0}
    - target: {fileID: 6176767264030406010, guid: 01e4cdde695e137489cbd39245225bb5, type: 3}
      propertyPath: m_LocalPosition.z
      value: 0
      objectReference: {fileID: 0}
    - target: {fileID: 6176767264030406010, guid: 01e4cdde695e137489cbd39245225bb5, type: 3}
      propertyPath: m_LocalRotation.w
      value: 1
      objectReference: {fileID: 0}
    - target: {fileID: 6176767264030406010, guid: 01e4cdde695e137489cbd39245225bb5, type: 3}
      propertyPath: m_LocalRotation.x
      value: 0
      objectReference: {fileID: 0}
    - target: {fileID: 6176767264030406010, guid: 01e4cdde695e137489cbd39245225bb5, type: 3}
      propertyPath: m_LocalRotation.y
      value: 0
      objectReference: {fileID: 0}
    - target: {fileID: 6176767264030406010, guid: 01e4cdde695e137489cbd39245225bb5, type: 3}
      propertyPath: m_LocalRotation.z
      value: 0
      objectReference: {fileID: 0}
    - target: {fileID: 6176767264030406010, guid: 01e4cdde695e137489cbd39245225bb5, type: 3}
      propertyPath: m_AnchoredPosition.x
      value: 0
      objectReference: {fileID: 0}
    - target: {fileID: 6176767264030406010, guid: 01e4cdde695e137489cbd39245225bb5, type: 3}
      propertyPath: m_AnchoredPosition.y
      value: 0
      objectReference: {fileID: 0}
    - target: {fileID: 6176767264030406010, guid: 01e4cdde695e137489cbd39245225bb5, type: 3}
      propertyPath: m_LocalEulerAnglesHint.x
      value: 0
      objectReference: {fileID: 0}
    - target: {fileID: 6176767264030406010, guid: 01e4cdde695e137489cbd39245225bb5, type: 3}
      propertyPath: m_LocalEulerAnglesHint.y
      value: 0
      objectReference: {fileID: 0}
    - target: {fileID: 6176767264030406010, guid: 01e4cdde695e137489cbd39245225bb5, type: 3}
      propertyPath: m_LocalEulerAnglesHint.z
      value: 0
      objectReference: {fileID: 0}
    - target: {fileID: 6176767264030406011, guid: 01e4cdde695e137489cbd39245225bb5, type: 3}
      propertyPath: m_Camera
      value: 
      objectReference: {fileID: 212846990}
    - target: {fileID: 6176767264030406014, guid: 01e4cdde695e137489cbd39245225bb5, type: 3}
      propertyPath: m_Name
      value: MainMenuCanvas
      objectReference: {fileID: 0}
    - target: {fileID: 6176767264066637148, guid: 01e4cdde695e137489cbd39245225bb5, type: 3}
      propertyPath: m_fontAsset
      value: 
      objectReference: {fileID: 11400000, guid: 546b9635948e4d04381c2c69d37b02a8, type: 2}
    - target: {fileID: 6176767264066637148, guid: 01e4cdde695e137489cbd39245225bb5, type: 3}
      propertyPath: m_sharedMaterial
      value: 
      objectReference: {fileID: 2938833388578377399, guid: 546b9635948e4d04381c2c69d37b02a8, type: 2}
    - target: {fileID: 6176767264091809649, guid: 01e4cdde695e137489cbd39245225bb5, type: 3}
      propertyPath: m_IsActive
      value: 0
      objectReference: {fileID: 0}
    - target: {fileID: 6176767264281966019, guid: 01e4cdde695e137489cbd39245225bb5, type: 3}
      propertyPath: m_text
      value: 'Unity 2021.2


        Visual Studio Community 2019


        Audacity
        3.0.2 & Ableton Live 10 Intro


        Blender 3.0.0'
      objectReference: {fileID: 0}
    - target: {fileID: 6176767264281966019, guid: 01e4cdde695e137489cbd39245225bb5, type: 3}
      propertyPath: m_fontSize
      value: 25.2
      objectReference: {fileID: 0}
    - target: {fileID: 6176767264281966019, guid: 01e4cdde695e137489cbd39245225bb5, type: 3}
      propertyPath: m_fontAsset
      value: 
      objectReference: {fileID: 11400000, guid: 00fc4898a5d94634d91114ab345beb55, type: 2}
    - target: {fileID: 6176767264281966019, guid: 01e4cdde695e137489cbd39245225bb5, type: 3}
      propertyPath: m_fontSizeBase
      value: 25.2
      objectReference: {fileID: 0}
    - target: {fileID: 6176767264281966019, guid: 01e4cdde695e137489cbd39245225bb5, type: 3}
      propertyPath: m_sharedMaterial
      value: 
      objectReference: {fileID: -3881213580738649034, guid: 00fc4898a5d94634d91114ab345beb55, type: 2}
    - target: {fileID: 6176767264281966020, guid: 01e4cdde695e137489cbd39245225bb5, type: 3}
      propertyPath: m_SizeDelta.x
      value: 654.8
      objectReference: {fileID: 0}
    - target: {fileID: 6176767264320354382, guid: 01e4cdde695e137489cbd39245225bb5, type: 3}
      propertyPath: m_fontSize
      value: 31.9
      objectReference: {fileID: 0}
    - target: {fileID: 6176767264320354382, guid: 01e4cdde695e137489cbd39245225bb5, type: 3}
      propertyPath: m_fontAsset
      value: 
      objectReference: {fileID: 11400000, guid: 00fc4898a5d94634d91114ab345beb55, type: 2}
    - target: {fileID: 6176767264320354382, guid: 01e4cdde695e137489cbd39245225bb5, type: 3}
      propertyPath: m_fontSizeBase
      value: 31.9
      objectReference: {fileID: 0}
    - target: {fileID: 6176767264320354382, guid: 01e4cdde695e137489cbd39245225bb5, type: 3}
      propertyPath: m_sharedMaterial
      value: 
      objectReference: {fileID: -3881213580738649034, guid: 00fc4898a5d94634d91114ab345beb55, type: 2}
    - target: {fileID: 6176767264329847673, guid: 01e4cdde695e137489cbd39245225bb5, type: 3}
      propertyPath: m_text
      value: 'Left mouse button

        Right mouse button

        Esc / Ctrl /
        Top-right button'
      objectReference: {fileID: 0}
    - target: {fileID: 6176767264329847673, guid: 01e4cdde695e137489cbd39245225bb5, type: 3}
      propertyPath: m_fontSize
      value: 27.4
      objectReference: {fileID: 0}
    - target: {fileID: 6176767264329847673, guid: 01e4cdde695e137489cbd39245225bb5, type: 3}
      propertyPath: m_fontAsset
      value: 
      objectReference: {fileID: 11400000, guid: 00fc4898a5d94634d91114ab345beb55, type: 2}
    - target: {fileID: 6176767264329847673, guid: 01e4cdde695e137489cbd39245225bb5, type: 3}
      propertyPath: m_fontSizeBase
      value: 27.4
      objectReference: {fileID: 0}
    - target: {fileID: 6176767264329847673, guid: 01e4cdde695e137489cbd39245225bb5, type: 3}
      propertyPath: m_sharedMaterial
      value: 
      objectReference: {fileID: -3881213580738649034, guid: 00fc4898a5d94634d91114ab345beb55, type: 2}
    - target: {fileID: 6176767264329847674, guid: 01e4cdde695e137489cbd39245225bb5, type: 3}
      propertyPath: m_SizeDelta.x
      value: 509
      objectReference: {fileID: 0}
    - target: {fileID: 6176767264329847674, guid: 01e4cdde695e137489cbd39245225bb5, type: 3}
      propertyPath: m_AnchoredPosition.y
      value: -334.6
      objectReference: {fileID: 0}
    - target: {fileID: 6176767264361431672, guid: 01e4cdde695e137489cbd39245225bb5, type: 3}
      propertyPath: m_fontAsset
      value: 
      objectReference: {fileID: 11400000, guid: 546b9635948e4d04381c2c69d37b02a8, type: 2}
    - target: {fileID: 6176767264361431672, guid: 01e4cdde695e137489cbd39245225bb5, type: 3}
      propertyPath: m_sharedMaterial
      value: 
      objectReference: {fileID: 2938833388578377399, guid: 546b9635948e4d04381c2c69d37b02a8, type: 2}
    - target: {fileID: 6176767264412277674, guid: 01e4cdde695e137489cbd39245225bb5, type: 3}
      propertyPath: m_fontAsset
      value: 
      objectReference: {fileID: 11400000, guid: 546b9635948e4d04381c2c69d37b02a8, type: 2}
    - target: {fileID: 6176767264412277674, guid: 01e4cdde695e137489cbd39245225bb5, type: 3}
      propertyPath: m_sharedMaterial
      value: 
      objectReference: {fileID: 2938833388578377399, guid: 546b9635948e4d04381c2c69d37b02a8, type: 2}
    - target: {fileID: 6176767264422696832, guid: 01e4cdde695e137489cbd39245225bb5, type: 3}
      propertyPath: m_text
      value: 'The infinite robot army is here! You are the last line of defense against
        this overwhelming force. The only thing we can do is hold them off

        as
        long as we can.


        Use our last resources to construct towers along
        the enemy''s path towards our base. Whenever you destroy an enemy you gain
        more resources. Construct more towers or upgrade them with the resources.'
      objectReference: {fileID: 0}
    - target: {fileID: 6176767264422696832, guid: 01e4cdde695e137489cbd39245225bb5, type: 3}
      propertyPath: m_fontSize
      value: 28.7
      objectReference: {fileID: 0}
    - target: {fileID: 6176767264422696832, guid: 01e4cdde695e137489cbd39245225bb5, type: 3}
      propertyPath: m_fontAsset
      value: 
      objectReference: {fileID: 11400000, guid: 00fc4898a5d94634d91114ab345beb55, type: 2}
    - target: {fileID: 6176767264422696832, guid: 01e4cdde695e137489cbd39245225bb5, type: 3}
      propertyPath: m_fontStyle
      value: 0
      objectReference: {fileID: 0}
    - target: {fileID: 6176767264422696832, guid: 01e4cdde695e137489cbd39245225bb5, type: 3}
      propertyPath: m_fontSizeBase
      value: 28.7
      objectReference: {fileID: 0}
    - target: {fileID: 6176767264422696832, guid: 01e4cdde695e137489cbd39245225bb5, type: 3}
      propertyPath: m_sharedMaterial
      value: 
      objectReference: {fileID: -3881213580738649034, guid: 00fc4898a5d94634d91114ab345beb55, type: 2}
    - target: {fileID: 6176767264426907168, guid: 01e4cdde695e137489cbd39245225bb5, type: 3}
      propertyPath: m_IsActive
      value: 0
      objectReference: {fileID: 0}
    - target: {fileID: 6176767264426907182, guid: 01e4cdde695e137489cbd39245225bb5, type: 3}
      propertyPath: m_fontAsset
      value: 
      objectReference: {fileID: 11400000, guid: 8f586378b4e144a9851e7b34d9b748ee, type: 2}
    - target: {fileID: 6176767264426907182, guid: 01e4cdde695e137489cbd39245225bb5, type: 3}
      propertyPath: m_sharedMaterial
      value: 
      objectReference: {fileID: 2180264, guid: 8f586378b4e144a9851e7b34d9b748ee, type: 2}
    - target: {fileID: 6176767264467901303, guid: 01e4cdde695e137489cbd39245225bb5, type: 3}
      propertyPath: m_AnchorMax.x
      value: 0
      objectReference: {fileID: 0}
    - target: {fileID: 6176767264467901303, guid: 01e4cdde695e137489cbd39245225bb5, type: 3}
      propertyPath: m_AnchorMax.y
      value: 0
      objectReference: {fileID: 0}
    - target: {fileID: 6176767264467901303, guid: 01e4cdde695e137489cbd39245225bb5, type: 3}
      propertyPath: m_AnchorMin.x
      value: 0
      objectReference: {fileID: 0}
    - target: {fileID: 6176767264597205418, guid: 01e4cdde695e137489cbd39245225bb5, type: 3}
      propertyPath: m_IsActive
      value: 0
      objectReference: {fileID: 0}
    - target: {fileID: 6176767264613420324, guid: 01e4cdde695e137489cbd39245225bb5, type: 3}
      propertyPath: m_text
      value: Delay the inevitable
      objectReference: {fileID: 0}
    - target: {fileID: 6176767264613420324, guid: 01e4cdde695e137489cbd39245225bb5, type: 3}
      propertyPath: m_fontAsset
      value: 
      objectReference: {fileID: 11400000, guid: 546b9635948e4d04381c2c69d37b02a8, type: 2}
    - target: {fileID: 6176767264613420324, guid: 01e4cdde695e137489cbd39245225bb5, type: 3}
      propertyPath: m_sharedMaterial
      value: 
      objectReference: {fileID: 2938833388578377399, guid: 546b9635948e4d04381c2c69d37b02a8, type: 2}
    - target: {fileID: 6176767264613420325, guid: 01e4cdde695e137489cbd39245225bb5, type: 3}
      propertyPath: m_AnchoredPosition.y
      value: -166.68
      objectReference: {fileID: 0}
    - target: {fileID: 6176767264894589313, guid: 01e4cdde695e137489cbd39245225bb5, type: 3}
      propertyPath: m_fontAsset
      value: 
      objectReference: {fileID: 11400000, guid: 00fc4898a5d94634d91114ab345beb55, type: 2}
    - target: {fileID: 6176767264894589313, guid: 01e4cdde695e137489cbd39245225bb5, type: 3}
      propertyPath: m_fontStyle
      value: 1
      objectReference: {fileID: 0}
    - target: {fileID: 6176767264894589313, guid: 01e4cdde695e137489cbd39245225bb5, type: 3}
      propertyPath: m_sharedMaterial
      value: 
      objectReference: {fileID: -3881213580738649034, guid: 00fc4898a5d94634d91114ab345beb55, type: 2}
    - target: {fileID: 6306009872670789883, guid: 01e4cdde695e137489cbd39245225bb5, type: 3}
      propertyPath: m_Name
      value: GameMode1Button
      objectReference: {fileID: 0}
    - target: {fileID: 6306009872773357435, guid: 01e4cdde695e137489cbd39245225bb5, type: 3}
      propertyPath: m_fontAsset
      value: 
      objectReference: {fileID: 11400000, guid: 546b9635948e4d04381c2c69d37b02a8, type: 2}
    - target: {fileID: 6306009872773357435, guid: 01e4cdde695e137489cbd39245225bb5, type: 3}
      propertyPath: m_sharedMaterial
      value: 
      objectReference: {fileID: 2938833388578377399, guid: 546b9635948e4d04381c2c69d37b02a8, type: 2}
    - target: {fileID: 6306009872773357435, guid: 01e4cdde695e137489cbd39245225bb5, type: 3}
      propertyPath: m_hasFontAssetChanged
      value: 0
      objectReference: {fileID: 0}
    - target: {fileID: 6306009873069807794, guid: 01e4cdde695e137489cbd39245225bb5, type: 3}
      propertyPath: m_text
      value: Mode 2
      objectReference: {fileID: 0}
    - target: {fileID: 6306009873918411693, guid: 01e4cdde695e137489cbd39245225bb5, type: 3}
      propertyPath: m_Name
      value: GameMode2Button
      objectReference: {fileID: 0}
    - target: {fileID: 6306009874374067434, guid: 01e4cdde695e137489cbd39245225bb5, type: 3}
      propertyPath: m_fontAsset
      value: 
      objectReference: {fileID: 11400000, guid: 546b9635948e4d04381c2c69d37b02a8, type: 2}
    - target: {fileID: 6306009874374067434, guid: 01e4cdde695e137489cbd39245225bb5, type: 3}
      propertyPath: m_sharedMaterial
      value: 
      objectReference: {fileID: 2938833388578377399, guid: 546b9635948e4d04381c2c69d37b02a8, type: 2}
    - target: {fileID: 6306009874602642404, guid: 01e4cdde695e137489cbd39245225bb5, type: 3}
      propertyPath: m_text
      value: Mode 1
      objectReference: {fileID: 0}
    m_RemovedComponents: []
  m_SourcePrefab: {fileID: 100100000, guid: 01e4cdde695e137489cbd39245225bb5, type: 3}
--- !u!1001 &953316041
PrefabInstance:
  m_ObjectHideFlags: 0
  serializedVersion: 2
  m_Modification:
    m_TransformParent: {fileID: 0}
    m_Modifications:
    - target: {fileID: 401808577824596855, guid: 68814b14641e47d4c8e3cf37f79e89f9, type: 3}
      propertyPath: m_RootOrder
      value: 4
      objectReference: {fileID: 0}
    - target: {fileID: 401808577824596855, guid: 68814b14641e47d4c8e3cf37f79e89f9, type: 3}
      propertyPath: m_LocalPosition.x
      value: 0
      objectReference: {fileID: 0}
    - target: {fileID: 401808577824596855, guid: 68814b14641e47d4c8e3cf37f79e89f9, type: 3}
      propertyPath: m_LocalPosition.y
      value: 0
      objectReference: {fileID: 0}
    - target: {fileID: 401808577824596855, guid: 68814b14641e47d4c8e3cf37f79e89f9, type: 3}
      propertyPath: m_LocalPosition.z
      value: 0
      objectReference: {fileID: 0}
    - target: {fileID: 401808577824596855, guid: 68814b14641e47d4c8e3cf37f79e89f9, type: 3}
      propertyPath: m_LocalRotation.w
      value: 1
      objectReference: {fileID: 0}
    - target: {fileID: 401808577824596855, guid: 68814b14641e47d4c8e3cf37f79e89f9, type: 3}
      propertyPath: m_LocalRotation.x
      value: 0
      objectReference: {fileID: 0}
    - target: {fileID: 401808577824596855, guid: 68814b14641e47d4c8e3cf37f79e89f9, type: 3}
      propertyPath: m_LocalRotation.y
      value: 0
      objectReference: {fileID: 0}
    - target: {fileID: 401808577824596855, guid: 68814b14641e47d4c8e3cf37f79e89f9, type: 3}
      propertyPath: m_LocalRotation.z
      value: 0
      objectReference: {fileID: 0}
    - target: {fileID: 401808577824596855, guid: 68814b14641e47d4c8e3cf37f79e89f9, type: 3}
      propertyPath: m_LocalEulerAnglesHint.x
      value: 0
      objectReference: {fileID: 0}
    - target: {fileID: 401808577824596855, guid: 68814b14641e47d4c8e3cf37f79e89f9, type: 3}
      propertyPath: m_LocalEulerAnglesHint.y
      value: 0
      objectReference: {fileID: 0}
    - target: {fileID: 401808577824596855, guid: 68814b14641e47d4c8e3cf37f79e89f9, type: 3}
      propertyPath: m_LocalEulerAnglesHint.z
      value: 0
      objectReference: {fileID: 0}
    - target: {fileID: 401808577824596857, guid: 68814b14641e47d4c8e3cf37f79e89f9, type: 3}
      propertyPath: m_Name
      value: PostprocessingVolume
      objectReference: {fileID: 0}
    m_RemovedComponents: []
  m_SourcePrefab: {fileID: 100100000, guid: 68814b14641e47d4c8e3cf37f79e89f9, type: 3}
--- !u!1 &1159447591
GameObject:
  m_ObjectHideFlags: 0
  m_CorrespondingSourceObject: {fileID: 0}
  m_PrefabInstance: {fileID: 0}
  m_PrefabAsset: {fileID: 0}
  serializedVersion: 6
  m_Component:
  - component: {fileID: 1159447592}
  - component: {fileID: 1159447593}
  m_Layer: 0
  m_Name: MusicManager
  m_TagString: Untagged
  m_Icon: {fileID: 0}
  m_NavMeshLayer: 0
  m_StaticEditorFlags: 0
  m_IsActive: 1
--- !u!4 &1159447592
Transform:
  m_ObjectHideFlags: 0
  m_CorrespondingSourceObject: {fileID: 0}
  m_PrefabInstance: {fileID: 0}
  m_PrefabAsset: {fileID: 0}
  m_GameObject: {fileID: 1159447591}
  m_LocalRotation: {x: 0, y: 0, z: 0, w: 1}
  m_LocalPosition: {x: 0, y: 0, z: 0}
  m_LocalScale: {x: 1, y: 1, z: 1}
  m_ConstrainProportionsScale: 0
  m_Children: []
  m_Father: {fileID: 0}
  m_RootOrder: 7
  m_LocalEulerAnglesHint: {x: 0, y: 0, z: 0}
--- !u!114 &1159447593
MonoBehaviour:
  m_ObjectHideFlags: 0
  m_CorrespondingSourceObject: {fileID: 0}
  m_PrefabInstance: {fileID: 0}
  m_PrefabAsset: {fileID: 0}
  m_GameObject: {fileID: 1159447591}
  m_Enabled: 1
  m_EditorHideFlags: 0
  m_Script: {fileID: 11500000, guid: 2d82f6c5acd3f3e46aacfe5fd61ac665, type: 3}
  m_Name: 
  m_EditorClassIdentifier: 
  musicPrefab: {fileID: 24678934501550533, guid: 7b087c4e295d0474088ec1249e2cac47, type: 3}
  normalVolume: 0.6
  fadeTime: 5
--- !u!1 &1257011582
GameObject:
  m_ObjectHideFlags: 0
  m_CorrespondingSourceObject: {fileID: 0}
  m_PrefabInstance: {fileID: 0}
  m_PrefabAsset: {fileID: 0}
  serializedVersion: 6
  m_Component:
  - component: {fileID: 1257011586}
  - component: {fileID: 1257011585}
  - component: {fileID: 1257011584}
  - component: {fileID: 1257011583}
  m_Layer: 0
  m_Name: Background
  m_TagString: Untagged
  m_Icon: {fileID: 0}
  m_NavMeshLayer: 0
  m_StaticEditorFlags: 0
  m_IsActive: 1
--- !u!65 &1257011583
BoxCollider:
  m_ObjectHideFlags: 0
  m_CorrespondingSourceObject: {fileID: 0}
  m_PrefabInstance: {fileID: 0}
  m_PrefabAsset: {fileID: 0}
  m_GameObject: {fileID: 1257011582}
  m_Material: {fileID: 0}
  m_IsTrigger: 0
  m_Enabled: 1
  serializedVersion: 2
  m_Size: {x: 1, y: 1, z: 1}
  m_Center: {x: 0, y: 0, z: 0}
--- !u!23 &1257011584
MeshRenderer:
  m_ObjectHideFlags: 0
  m_CorrespondingSourceObject: {fileID: 0}
  m_PrefabInstance: {fileID: 0}
  m_PrefabAsset: {fileID: 0}
  m_GameObject: {fileID: 1257011582}
  m_Enabled: 1
  m_CastShadows: 1
  m_ReceiveShadows: 1
  m_DynamicOccludee: 1
  m_StaticShadowCaster: 0
  m_MotionVectors: 1
  m_LightProbeUsage: 1
  m_ReflectionProbeUsage: 1
  m_RayTracingMode: 2
  m_RayTraceProcedural: 0
  m_RenderingLayerMask: 1
  m_RendererPriority: 0
  m_Materials:
  - {fileID: 2100000, guid: 123b2405396fbf44b8f93b077a506f58, type: 2}
  m_StaticBatchInfo:
    firstSubMesh: 0
    subMeshCount: 0
  m_StaticBatchRoot: {fileID: 0}
  m_ProbeAnchor: {fileID: 0}
  m_LightProbeVolumeOverride: {fileID: 0}
  m_ScaleInLightmap: 1
  m_ReceiveGI: 1
  m_PreserveUVs: 0
  m_IgnoreNormalsForChartDetection: 0
  m_ImportantGI: 0
  m_StitchLightmapSeams: 1
  m_SelectedEditorRenderState: 3
  m_MinimumChartSize: 4
  m_AutoUVMaxDistance: 0.5
  m_AutoUVMaxAngle: 89
  m_LightmapParameters: {fileID: 0}
  m_SortingLayerID: 0
  m_SortingLayer: 0
  m_SortingOrder: 0
  m_AdditionalVertexStreams: {fileID: 0}
--- !u!33 &1257011585
MeshFilter:
  m_ObjectHideFlags: 0
  m_CorrespondingSourceObject: {fileID: 0}
  m_PrefabInstance: {fileID: 0}
  m_PrefabAsset: {fileID: 0}
  m_GameObject: {fileID: 1257011582}
  m_Mesh: {fileID: 10202, guid: 0000000000000000e000000000000000, type: 0}
--- !u!4 &1257011586
Transform:
  m_ObjectHideFlags: 0
  m_CorrespondingSourceObject: {fileID: 0}
  m_PrefabInstance: {fileID: 0}
  m_PrefabAsset: {fileID: 0}
  m_GameObject: {fileID: 1257011582}
  m_LocalRotation: {x: 0, y: 0, z: 0, w: 1}
  m_LocalPosition: {x: 0, y: 1, z: 116.7}
  m_LocalScale: {x: 500, y: 500, z: 1}
  m_ConstrainProportionsScale: 0
  m_Children: []
  m_Father: {fileID: 0}
  m_RootOrder: 5
  m_LocalEulerAnglesHint: {x: 0, y: 0, z: 0}
--- !u!1 &1326265056
GameObject:
  m_ObjectHideFlags: 0
  m_CorrespondingSourceObject: {fileID: 0}
  m_PrefabInstance: {fileID: 0}
  m_PrefabAsset: {fileID: 0}
  serializedVersion: 6
  m_Component:
  - component: {fileID: 1326265058}
  - component: {fileID: 1326265057}
  - component: {fileID: 1326265059}
  m_Layer: 0
  m_Name: Directional Light
  m_TagString: Untagged
  m_Icon: {fileID: 0}
  m_NavMeshLayer: 0
  m_StaticEditorFlags: 0
  m_IsActive: 1
--- !u!108 &1326265057
Light:
  m_ObjectHideFlags: 0
  m_CorrespondingSourceObject: {fileID: 0}
  m_PrefabInstance: {fileID: 0}
  m_PrefabAsset: {fileID: 0}
  m_GameObject: {fileID: 1326265056}
  m_Enabled: 1
  serializedVersion: 10
  m_Type: 1
  m_Shape: 0
  m_Color: {r: 1, g: 0.95686275, b: 0.8392157, a: 1}
  m_Intensity: 1
  m_Range: 10
  m_SpotAngle: 30
  m_InnerSpotAngle: 21.80208
  m_CookieSize: 10
  m_Shadows:
    m_Type: 2
    m_Resolution: -1
    m_CustomResolution: -1
    m_Strength: 1
    m_Bias: 0.05
    m_NormalBias: 0.4
    m_NearPlane: 0.2
    m_CullingMatrixOverride:
      e00: 1
      e01: 0
      e02: 0
      e03: 0
      e10: 0
      e11: 1
      e12: 0
      e13: 0
      e20: 0
      e21: 0
      e22: 1
      e23: 0
      e30: 0
      e31: 0
      e32: 0
      e33: 1
    m_UseCullingMatrixOverride: 0
  m_Cookie: {fileID: 0}
  m_DrawHalo: 0
  m_Flare: {fileID: 0}
  m_RenderMode: 0
  m_CullingMask:
    serializedVersion: 2
    m_Bits: 4294967295
  m_RenderingLayerMask: 1
  m_Lightmapping: 4
  m_LightShadowCasterMode: 0
  m_AreaSize: {x: 1, y: 1}
  m_BounceIntensity: 1
  m_ColorTemperature: 6570
  m_UseColorTemperature: 0
  m_BoundingSphereOverride: {x: 0, y: 0, z: 0, w: 0}
  m_UseBoundingSphereOverride: 0
  m_UseViewFrustumForShadowCasterCull: 1
  m_ShadowRadius: 0
  m_ShadowAngle: 0
--- !u!4 &1326265058
Transform:
  m_ObjectHideFlags: 0
  m_CorrespondingSourceObject: {fileID: 0}
  m_PrefabInstance: {fileID: 0}
  m_PrefabAsset: {fileID: 0}
  m_GameObject: {fileID: 1326265056}
  m_LocalRotation: {x: 0.40821788, y: -0.23456968, z: 0.10938163, w: 0.8754261}
  m_LocalPosition: {x: 0, y: 3, z: 0}
  m_LocalScale: {x: 1, y: 1, z: 1}
  m_ConstrainProportionsScale: 0
  m_Children: []
  m_Father: {fileID: 0}
  m_RootOrder: 1
  m_LocalEulerAnglesHint: {x: 50, y: -30, z: 0}
--- !u!114 &1326265059
MonoBehaviour:
  m_ObjectHideFlags: 0
  m_CorrespondingSourceObject: {fileID: 0}
  m_PrefabInstance: {fileID: 0}
  m_PrefabAsset: {fileID: 0}
  m_GameObject: {fileID: 1326265056}
  m_Enabled: 1
  m_EditorHideFlags: 0
  m_Script: {fileID: 11500000, guid: 474bcb49853aa07438625e644c072ee6, type: 3}
  m_Name: 
  m_EditorClassIdentifier: 
  m_Version: 1
  m_UsePipelineSettings: 1
  m_AdditionalLightsShadowResolutionTier: 2
  m_LightLayerMask: 1
  m_CustomShadowLayers: 0
  m_ShadowLayerMask: 1
  m_LightCookieSize: {x: 1, y: 1}
  m_LightCookieOffset: {x: 0, y: 0}
--- !u!1 &1794411247
GameObject:
  m_ObjectHideFlags: 0
  m_CorrespondingSourceObject: {fileID: 0}
  m_PrefabInstance: {fileID: 0}
  m_PrefabAsset: {fileID: 0}
  serializedVersion: 6
  m_Component:
  - component: {fileID: 1794411250}
  - component: {fileID: 1794411249}
  - component: {fileID: 1794411248}
  m_Layer: 0
  m_Name: EventSystem
  m_TagString: Untagged
  m_Icon: {fileID: 0}
  m_NavMeshLayer: 0
  m_StaticEditorFlags: 0
  m_IsActive: 1
--- !u!114 &1794411248
MonoBehaviour:
  m_ObjectHideFlags: 0
  m_CorrespondingSourceObject: {fileID: 0}
  m_PrefabInstance: {fileID: 0}
  m_PrefabAsset: {fileID: 0}
  m_GameObject: {fileID: 1794411247}
  m_Enabled: 1
  m_EditorHideFlags: 0
  m_Script: {fileID: 11500000, guid: 01614664b831546d2ae94a42149d80ac, type: 3}
  m_Name: 
  m_EditorClassIdentifier: 
  m_MoveRepeatDelay: 0.5
  m_MoveRepeatRate: 0.1
  m_XRTrackingOrigin: {fileID: 0}
  m_ActionsAsset: {fileID: -944628639613478452, guid: ca9f5fa95ffab41fb9a615ab714db018, type: 3}
  m_PointAction: {fileID: -1654692200621890270, guid: ca9f5fa95ffab41fb9a615ab714db018, type: 3}
  m_MoveAction: {fileID: -8784545083839296357, guid: ca9f5fa95ffab41fb9a615ab714db018, type: 3}
  m_SubmitAction: {fileID: 392368643174621059, guid: ca9f5fa95ffab41fb9a615ab714db018, type: 3}
  m_CancelAction: {fileID: 7727032971491509709, guid: ca9f5fa95ffab41fb9a615ab714db018, type: 3}
  m_LeftClickAction: {fileID: 3001919216989983466, guid: ca9f5fa95ffab41fb9a615ab714db018, type: 3}
  m_MiddleClickAction: {fileID: -2185481485913320682, guid: ca9f5fa95ffab41fb9a615ab714db018, type: 3}
  m_RightClickAction: {fileID: -4090225696740746782, guid: ca9f5fa95ffab41fb9a615ab714db018, type: 3}
  m_ScrollWheelAction: {fileID: 6240969308177333660, guid: ca9f5fa95ffab41fb9a615ab714db018, type: 3}
  m_TrackedDevicePositionAction: {fileID: 6564999863303420839, guid: ca9f5fa95ffab41fb9a615ab714db018, type: 3}
  m_TrackedDeviceOrientationAction: {fileID: 7970375526676320489, guid: ca9f5fa95ffab41fb9a615ab714db018, type: 3}
  m_DeselectOnBackgroundClick: 1
  m_PointerBehavior: 0
--- !u!114 &1794411249
MonoBehaviour:
  m_ObjectHideFlags: 0
  m_CorrespondingSourceObject: {fileID: 0}
  m_PrefabInstance: {fileID: 0}
  m_PrefabAsset: {fileID: 0}
  m_GameObject: {fileID: 1794411247}
  m_Enabled: 1
  m_EditorHideFlags: 0
  m_Script: {fileID: 11500000, guid: 76c392e42b5098c458856cdf6ecaaaa1, type: 3}
  m_Name: 
  m_EditorClassIdentifier: 
  m_FirstSelected: {fileID: 0}
  m_sendNavigationEvents: 1
  m_DragThreshold: 10
--- !u!4 &1794411250
Transform:
  m_ObjectHideFlags: 0
  m_CorrespondingSourceObject: {fileID: 0}
  m_PrefabInstance: {fileID: 0}
  m_PrefabAsset: {fileID: 0}
  m_GameObject: {fileID: 1794411247}
  m_LocalRotation: {x: 0, y: 0, z: 0, w: 1}
  m_LocalPosition: {x: 0, y: 0, z: 0}
  m_LocalScale: {x: 1, y: 1, z: 1}
  m_ConstrainProportionsScale: 0
  m_Children: []
  m_Father: {fileID: 0}
  m_RootOrder: 3
  m_LocalEulerAnglesHint: {x: 0, y: 0, z: 0}
--- !u!1001 &953521780936068297
PrefabInstance:
  m_ObjectHideFlags: 0
  serializedVersion: 2
  m_Modification:
    m_TransformParent: {fileID: 0}
    m_Modifications:
    - target: {fileID: 953521779889756106, guid: a3b52f03be1ad7b409f7042e38597be2, type: 3}
      propertyPath: m_Name
      value: Clicker
      objectReference: {fileID: 0}
    - target: {fileID: 953521779889756111, guid: a3b52f03be1ad7b409f7042e38597be2, type: 3}
      propertyPath: m_RootOrder
      value: 6
      objectReference: {fileID: 0}
    - target: {fileID: 953521779889756111, guid: a3b52f03be1ad7b409f7042e38597be2, type: 3}
      propertyPath: m_LocalPosition.x
      value: 0
      objectReference: {fileID: 0}
    - target: {fileID: 953521779889756111, guid: a3b52f03be1ad7b409f7042e38597be2, type: 3}
      propertyPath: m_LocalPosition.y
      value: 1
      objectReference: {fileID: 0}
    - target: {fileID: 953521779889756111, guid: a3b52f03be1ad7b409f7042e38597be2, type: 3}
      propertyPath: m_LocalPosition.z
      value: 90
      objectReference: {fileID: 0}
    - target: {fileID: 953521779889756111, guid: a3b52f03be1ad7b409f7042e38597be2, type: 3}
      propertyPath: m_LocalRotation.w
      value: 1
      objectReference: {fileID: 0}
    - target: {fileID: 953521779889756111, guid: a3b52f03be1ad7b409f7042e38597be2, type: 3}
      propertyPath: m_LocalRotation.x
      value: 0
      objectReference: {fileID: 0}
    - target: {fileID: 953521779889756111, guid: a3b52f03be1ad7b409f7042e38597be2, type: 3}
      propertyPath: m_LocalRotation.y
      value: 0
      objectReference: {fileID: 0}
    - target: {fileID: 953521779889756111, guid: a3b52f03be1ad7b409f7042e38597be2, type: 3}
      propertyPath: m_LocalRotation.z
      value: 0
      objectReference: {fileID: 0}
    - target: {fileID: 953521779889756111, guid: a3b52f03be1ad7b409f7042e38597be2, type: 3}
      propertyPath: m_LocalEulerAnglesHint.x
      value: 0
      objectReference: {fileID: 0}
    - target: {fileID: 953521779889756111, guid: a3b52f03be1ad7b409f7042e38597be2, type: 3}
      propertyPath: m_LocalEulerAnglesHint.y
      value: 0
      objectReference: {fileID: 0}
    - target: {fileID: 953521779889756111, guid: a3b52f03be1ad7b409f7042e38597be2, type: 3}
      propertyPath: m_LocalEulerAnglesHint.z
      value: 0
      objectReference: {fileID: 0}
    m_RemovedComponents: []
  m_SourcePrefab: {fileID: 100100000, guid: a3b52f03be1ad7b409f7042e38597be2, type: 3}
